<?xml version="1.0" encoding="UTF-8"?><collection xmlns="http://www.loc.gov/MARC21/slim"><record><leader>00438nam--2200133-i-4500</leader><controlfield tag="001">000043254</controlfield><controlfield tag="002">20161230</controlfield><controlfield tag="005">20161230201043</controlfield><controlfield tag="008">060222s1000------------r-----000-0-eng-d</controlfield><datafield ind1=" " ind2=" " tag="080"><subfield code="a">541.183.56(043)</subfield></datafield><datafield ind1=" " ind2=" " tag="100"><subfield code="a">Suzanne,Jean</subfield></datafield><datafield ind1=" " ind2=" " tag="245"><subfield code="a">Contribution a l`etude des phases bidimensionnelles:cas du xenon adsorbe sur la face (ooo1) du graphite. these</subfield></datafield><datafield ind1=" " ind2=" " tag="260"><subfield code="a">Marseille, L`Univ.D`Aix-marseiile 11 Uer De Luminy, 1974. 86 P</subfield></datafield><datafield ind1=" " ind2=" " tag="852"><subfield code="a">44027</subfield></datafield></record></collection>